@article{horn51,
  title={On sentences which are true of direct unions of algebras},
  volume={16},
  DOI={10.2307/2268661},
  number={1},
  journal={Journal of Symbolic Logic},
  publisher={Cambridge University Press},
  author={Horn, Alfred},
  year={1951},
  pages={14â€“21}
}

@misc{potasscoguide,
  title = {Potassco {U}ser {G}uide},
  author = {Martin Gebser and Roland Kaminski and Benjamin Kaufmann and Marius Lindauer and
           Max Ostrowski and Javier Romero and Torsten Schaub and Sven Thiele and Philipp Wanko},
  url = {https://github.com/potassco/guide/releases},
  year = {2019}
}
